@article{buck1994recommendations,
  title={Recommendations for nomenclature of ion-selective electrodes (IUPAC Recommendations 1994)},
  author={Buck, Richard P and Lindner, Erno and others},
  journal={Pure and Applied Chemistry},
  volume={66},
  number={12},
  pages={2527--2536},
  year={1994},
  publisher={Oxford; New York: Pergamon Press [etc.], 1960-}
}

@article{thermo,
  title={User Guide - Potassium Ion Selective Electrode},
  author={Thermo Fisher Scientific Inc.},
  pages={34},
  year={2008}
}

@article{chaffin1984relationship,
  title={The relationship between yeast cell size and cell division in Candida albicans},
  author={Chaffin, W LaJean},
  journal={Canadian journal of microbiology},
  volume={30},
  number={2},
  pages={192--203},
  year={1984},
  publisher={NRC Research Press Ottawa, Canada}
}

